%% This BibTeX bibliography file was created using BibDesk.
%% http://bibdesk.sourceforge.net/


%% Created for Nimit Dhulekar at 2014-06-06 04:54:34 -0400 


%% Saved with string encoding Unicode (UTF-8) 



@article{quadprog_featsel,
	Author = {Rodriguez-Lujan, I. and Huerta, R. and Elkan, C. and Cruz, C. S. },
	Date-Added = {2014-06-06 08:18:26 +0000},
	Date-Modified = {2014-06-06 08:20:41 +0000},
	Journal = {J. Mach. Learn. Res.},
	Month = {8},
	Pages = {1491--1516},
	Title = {Quadratic Programming Feature Selection},
	Volume = {11},
	Year = {2010}}

@article{transfer_learning_survey,
	Author = {Pan, S. J. and Yang, Q.},
	Date-Added = {2014-06-06 04:23:22 +0000},
	Date-Modified = {2014-06-06 04:24:37 +0000},
	Journal = {IEEE Transactions on Knowledge and Data Engineering},
	Month = {Oct.},
	Number = {10},
	Pages = {1345--1359},
	Title = {A Survey on Transfer Learning},
	Volume = {22},
	Year = {2010}}

@article{liu_artificial_neural,
	Author = {Liu, H. S. and Zhang, T. and Yang, F. S.},
	Date-Added = {2014-06-06 02:38:49 +0000},
	Date-Modified = {2014-06-06 02:40:04 +0000},
	Journal = {IEEE Trans Biomed Eng},
	Number = {12 Pt 2},
	Pages = {1557--1566},
	Title = {A multistage, multimethod approach for automatic detection and classification of epileptiform {EEG}},
	Volume = {49},
	Year = {2002}}

@article{chisci_real_time,
	Author = {Chisci L. and Mavino A. and Perferi G. and Sciandrone M. and Anile C. and Colicchio G. and Fuggetta, F. },
	Date-Added = {2014-06-06 02:35:34 +0000},
	Date-Modified = {2014-06-06 02:38:11 +0000},
	Journal = {IEEE Trans Biomed Eng},
	Month = {May},
	Number = {5},
	Pages = {1124--1132},
	Title = {Real-Time Epileptic Seizure Prediction Using AR Models and Support Vector Machines},
	Volume = {57},
	Year = {2010}}

@article{lytton_model_epilepsy,
	Author = {Lytton, W. W.},
	Date-Added = {2014-06-06 02:27:40 +0000},
	Date-Modified = {2014-06-06 02:28:59 +0000},
	Journal = {Nat. Rev. Neurosci.},
	Month = {Aug.},
	Number = {8},
	Pages = {626--637},
	Title = {Computer modeling of {E}pilepsy},
	Volume = {9},
	Year = {2008}}

@article{murali_wavelet,
	Author = {Murali, S. and Kulish, V. V.},
	Date-Added = {2014-06-06 02:23:37 +0000},
	Date-Modified = {2014-06-06 02:24:48 +0000},
	Journal = {Digit. Signal Process.},
	Pages = {665--674},
	Title = {Modeling of evoked potentials of electroencephalograms: An overview},
	Volume = {17},
	Year = {2007}}

@article{hazarika_wavelet,
	Author = {Hazarika, N. and Chen, J. Z. and Tsoi, A. C. and Sergejew, A.},
	Date-Added = {2014-06-06 02:13:49 +0000},
	Date-Modified = {2014-06-06 02:23:15 +0000},
	Journal = {Signal Process.},
	Pages = {61--72},
	Title = {Classification of EEG signals using the wavelet transform},
	Volume = {59},
	Year = {1997}}

@article{muthuswamy_spectral,
	Author = {Muthuswamy, J. and Thakor, N. V.},
	Date-Added = {2014-06-06 02:12:12 +0000},
	Date-Modified = {2014-06-06 02:13:24 +0000},
	Journal = {J. Neurosci. Methods},
	Pages = {1--14},
	Title = {Spectral analysis methods for neurological signals},
	Volume = {83},
	Year = {1998}}

@inbook{bronzino_eeg,
	Author = {Bronzino, J. D.},
	Chapter = {Principles of electroencephalography},
	Date-Added = {2014-06-06 02:05:36 +0000},
	Date-Modified = {2014-06-06 02:41:39 +0000},
	Edition = {3rd},
	Publisher = {New York: Taylor and Francis},
	Title = {Biomedical Engineering Handbook},
	Year = {2006}}

@article{anderson_offline_ar,
	Author = {Anderson, N. R. and Wisneski, K. and Eisenman, L. and Moran, D. W. and Leuthardt, E. C. and Krusienski, D. J.},
	Date-Added = {2014-06-06 01:42:50 +0000},
	Date-Modified = {2014-06-06 01:44:24 +0000},
	Journal = {IEEE Trans Biomed Eng},
	Number = {3},
	Pages = {913--916},
	Title = {An offline evaluation of the autoregressive spectrum for electrocorticography},
	Volume = {56},
	Year = {2009}}

@article{subasi_EEG_AR,
	Author = {Subasi, A. and Alkan, A. and Koklukaya, E. and Kiymik, M. K.},
	Date-Added = {2014-06-06 01:40:51 +0000},
	Date-Modified = {2014-06-06 01:42:13 +0000},
	Journal = {Neural Networks},
	Number = {7},
	Pages = {985--997},
	Title = {Wavelet neural network classification of {EEG} signals by using AR models with MLE processing},
	Volume = {18},
	Year = {2005}}

@article{bilgin_multiscale,
	Author = {Bilgin, C. C. and Ray, S. and Baydil, B. and Daley, W. P. and Larsen, M. and Yener, B.},
	Date-Added = {2014-06-06 01:04:56 +0000},
	Date-Modified = {2014-06-06 01:07:04 +0000},
	Journal = {PLoS ONE},
	Number = {3},
	Pages = {e32906},
	Title = {Multiscale Feature Analysis of Salivary Gland Branching Morphogenesis},
	Volume = {7},
	Year = {2012}}

@article{Levy:eeg_pow_spect_1986,
	Author = {Levy, W. J.},
	Date-Added = {2014-06-05 18:18:56 +0000},
	Date-Modified = {2014-06-05 18:18:56 +0000},
	Journal = {Anesthesiology},
	Number = {4},
	Pages = {489--495},
	Title = {The Effect of Epoch Length on the Identification of Changes in {EEG} Power Spectra},
	Volume = {66},
	Year = {1987}}

@article{Levy:eeg_pow_spect_1987,
	Author = {Levy, W. J.},
	Date-Added = {2014-06-05 18:18:56 +0000},
	Date-Modified = {2014-06-05 18:18:56 +0000},
	Journal = {Anesthesiology},
	Number = {3A},
	Pages = {A539},
	Title = {The Effect of Epoch Length on the Identification of Changes in {EEG} Power Spectra},
	Volume = {65},
	Year = {1986}}

@article{vandeVelde:eeg_recordings,
	Author = {van de Velde, M. and Ghosh, I. R. and Cluitmans, P. J. M.},
	Date-Added = {2014-06-05 18:18:48 +0000},
	Date-Modified = {2014-06-05 18:18:48 +0000},
	Journal = {Computer Methods and Programs in Biomedicine},
	Number = 3,
	Pages = {183--196},
	Publisher = {Elsevier},
	Title = {Context related artefact detection in prolonged {EEG} recordings},
	Volume = 60,
	Year = 1999}

@article{stam_pli,
	Author = {Stam, C. J. and Nolte, G. and Daffertshofer, A.},
	Date-Added = {2014-06-05 18:17:48 +0000},
	Date-Modified = {2014-06-05 18:17:48 +0000},
	Journal = {Human Brain Mapping},
	Pages = {1178--1193},
	Title = {Phase Lag Index: Assessment of Functional Connectivity From Multi Channel {EEG} and {MEG} With Diminished Bias From Common Sources},
	Volume = {28},
	Year = {2007}}

@article{jasper_1020,
	Author = {Jasper, H. H.},
	Date-Added = {2014-06-05 17:27:27 +0000},
	Date-Modified = {2014-06-05 17:27:27 +0000},
	Journal = {Electroencephalogr Clin Neurophysiol Suppl.},
	Pages = {371--375},
	Title = {The ten-twenty electrode system of the International Federation},
	Volume = {10},
	Year = {1958}}

@article{smith_eegrecording,
	Author = {Smith, S. J. M.},
	Date-Added = {2014-06-05 17:25:06 +0000},
	Date-Modified = {2014-06-05 17:25:06 +0000},
	Journal = {J Neurol Neurosurg Psychiatry},
	Pages = {ii2-i-i7},
	Title = {{EEG} in the diagnosis, classification, and management of patients with epilepsy},
	Volume = {76},
	Year = {2005}}

@article{mirowski_seizure_prediction_classification,
	Author = {Mirowski, P. and Madhavan, D. and LeCun, Y. and Kuzniecky, R.},
	Date-Added = {2014-06-05 01:24:13 -0400},
	Date-Modified = {2014-06-05 01:26:15 -0400},
	Journal = {Clinical Neurophysiology},
	Pages = {1927--1940},
	Title = {Classification of Patterns of {EEG} Synchronization for Seizure Prediction},
	Volume = {120},
	Year = {2009}}

@inproceedings{mahyari_tensor_brain,
	Author = {Mahyari, A. and Aviyente, S.},
	Booktitle = {39th IEEE International Conference on Acoustics, Speech, and Signal Processing (ICASSP 2014)},
	Date-Added = {2014-06-05 01:14:55 -0400},
	Date-Modified = {2014-06-05 01:14:55 -0400},
	Title = {Identification of Dynamic Functional Brain Network States through Tensor Decomposition},
	Year = {2014}}

@article{douw2010epilepsy,
	Author = {Douw, Linda and van Dellen, Edwin and de Groot, Marjolein and Heimans, Jan J and Klein, Martin and Stam, Cornelis J and Reijneveld, Jaap C},
	Date-Added = {2014-06-05 01:14:45 -0400},
	Date-Modified = {2014-06-05 01:14:45 -0400},
	Journal = {BMC Neuroscience},
	Number = {1},
	Pages = {103},
	Publisher = {BioMed Central Ltd},
	Title = {Epilepsy is related to theta band brain connectivity and network topology in brain tumor patients},
	Volume = {11},
	Year = {2010}}

@article{kramer2008emergent,
	Author = {Kramer, Mark A and Kolaczyk, Eric D and Kirsch, Heidi E},
	Date-Added = {2014-06-05 01:14:37 -0400},
	Date-Modified = {2014-06-05 01:14:37 -0400},
	Journal = {Epilepsy Research},
	Number = {2},
	Pages = {173--186},
	Publisher = {Elsevier},
	Title = {Emergent network topology at seizure onset in humans},
	Volume = {79},
	Year = {2008}}

@article{schindler2008evolving,
	Author = {Schindler, Kaspar A and Bialonski, Stephan and Horstmann, Marie-Therese and Elger, Christian E and Lehnertz, Klaus},
	Date-Added = {2014-06-05 01:14:30 -0400},
	Date-Modified = {2014-06-05 01:14:30 -0400},
	Journal = {CHAOS: An Interdisciplinary Journal of Nonlinear Science},
	Number = {3},
	Pages = {033119},
	Publisher = {AIP Publishing},
	Title = {Evolving functional network properties and synchronizability during human epileptic seizures},
	Volume = {18},
	Year = {2008}}

@article{stam2012organization,
	Author = {Stam, C.J. and van Straaten, E.C.W.},
	Date-Added = {2014-06-05 01:14:23 -0400},
	Date-Modified = {2014-06-05 01:14:23 -0400},
	Journal = {Clinical Neurophysiology},
	Publisher = {Elsevier},
	Title = {The organization of physiological brain networks},
	Year = {2012}}

@article{bullmore2009complex,
	Author = {Bullmore, Ed and Sporns, Olaf},
	Date-Added = {2014-06-05 01:14:15 -0400},
	Date-Modified = {2014-06-05 01:14:15 -0400},
	Journal = {Nature Reviews Neuroscience},
	Number = {3},
	Pages = {186--198},
	Publisher = {Nature Publishing Group},
	Title = {Complex brain networks: graph theoretical analysis of structural and functional systems},
	Volume = {10},
	Year = {2009}}

@article{van2005detecting,
	Author = {van Putten, M. J. A. M. and Kind, T. and Visser, F. and Lagerburg, V.},
	Date-Added = {2014-06-05 01:13:23 -0400},
	Date-Modified = {2014-06-05 20:30:44 +0000},
	Journal = {Clinical Neurophysiology},
	Number = {10},
	Pages = {2480--2489},
	Publisher = {Elsevier},
	Title = {Detecting temporal lobe seizures from scalp {EEG} recordings: a comparison of various features},
	Volume = {116},
	Year = {2005}}

@article{paivinen2005epileptic,
	Author = {P{\"a}ivinen, N. and Lammi, S. and Pitk{\"a}nen, A. and Nissinen, J. and Penttonen, M. and Gr{\"o}nfors, T.},
	Date-Added = {2014-06-05 01:13:14 -0400},
	Date-Modified = {2014-06-05 01:13:14 -0400},
	Journal = {Computer methods and programs in biomedicine},
	Number = {2},
	Pages = {151--159},
	Publisher = {Elsevier},
	Title = {Epileptic seizure detection: A nonlinear viewpoint},
	Volume = {79},
	Year = {2005}}

@article{mormann2005predictability,
	Author = {Mormann, F. and Kreuz, T. and Rieke, C. and Andrzejak, R.G. and Kraskov, A. and David, P. and Elger, C.E. and Lehnertz, K.},
	Date-Added = {2014-06-05 01:13:04 -0400},
	Date-Modified = {2014-06-05 01:13:04 -0400},
	Journal = {Clinical neurophysiology},
	Number = {3},
	Pages = {569--587},
	Publisher = {Elsevier},
	Title = {On the predictability of epileptic seizures},
	Volume = {116},
	Year = {2005}}

@inproceedings{acar_seizure_localization,
	Author = {Acar, E. and Bingol, C. A. and Bingol H. and Yener B.},
	Booktitle = {Fourth IASTED Int. Conf. on Biomedical Engineering},
	Date-Added = {2014-06-05 01:12:43 -0400},
	Date-Modified = {2014-06-05 01:12:43 -0400},
	Pages = {317--322},
	Title = {Computational analysis of epileptic focus localization},
	Year = {2006}}

@article{vanquyen_ictogenesis,
	Author = {Le Van, Q. M. and Navarro, V. and Martinerie, J. and Baulac, M. and Varela F. J.},
	Date-Added = {2014-06-05 01:08:23 -0400},
	Date-Modified = {2014-06-05 01:10:23 -0400},
	Journal = {Epilepsia},
	Number = {12},
	Pages = {30--43},
	Title = {Toward a Neurodynamical Understanding of Ictogenesis},
	Volume = {44},
	Year = {2003}}

@article{mormann_seizure_prediction,
	Author = {Mormann, F. and Andrzejak, R. G. and Elger, C. E. and Lehnertz, K.},
	Date-Added = {2014-06-05 01:06:31 -0400},
	Date-Modified = {2014-06-05 01:07:52 -0400},
	Journal = {Brain},
	Pages = {314--333},
	Title = {Seizure prediction: the long and winding road},
	Volume = {130},
	Year = {2007}}

@article{levan_preictal,
	Author = {Le Van, Q. M. and Soss, J. and Navarro, V. and Robertson, R. and Chavez, M. and Baulac, M. and Martinerie, J.},
	Date-Added = {2014-06-05 01:06:14 -0400},
	Date-Modified = {2014-06-05 01:11:47 -0400},
	Journal = {Clinical Neurophysiology},
	Pages = {559--568},
	Title = {Preictal state identification by synchronization changes in long-term intracranial {EEG} recordings},
	Volume = {116},
	Year = {2005}}

@article{fisher_impact_epilepsy,
	Author = {Fisher, R. S. and Vickrey, B. G. and Gibson, P. and Hermann, B. and Penovich, P. and Scherer, A. and Walker, S.},
	Date-Added = {2014-06-03 15:02:07 +0000},
	Date-Modified = {2014-06-03 15:04:08 +0000},
	Journal = {Epilepsy Research},
	Number = {1},
	Pages = {39--51},
	Title = {The impact of epilepsy from the patient's perspective {I}. Descriptions and subjective perceptions},
	Volume = {41},
	Year = {2000}}

@article{seizure_def,
	Author = {Fisher, R. S. and van Emde Boas, W. and Blume, W. and Elger, C. and Genton, P. and Lee, P. and Engel, J. Jr.},
	Date-Added = {2014-06-03 14:27:59 +0000},
	Date-Modified = {2014-06-03 14:30:07 +0000},
	Journal = {Epilepsia},
	Number = {4},
	Pages = {470--472},
	Title = {Epileptic seizures and epilepsy: definitions proposed by the International League Against Epilepsy (ILAE) and the International Bureau for Epilepsy (IBE)},
	Volume = {46},
	Year = {2005}}
